@Article{altermagnetic1,
  author    = {\v{S}mejkal, Libor and Sinova, Jairo and Jungwirth, Tomas},
  journal   = {Physical Review X},
  title     = {{Beyond conventional ferromagnetism and antiferromagnetism: a phase with nonrelativistic spin and crystal rotation symmetry}},
  year      = {2022},
  month     = {Sep},
  pages     = {031042},
  volume    = {12},
  doi       = {10.1103/PhysRevX.12.031042},
  issue     = {3},
  numpages  = {16},
  publisher = {American Physical Society},
  url       = {https://link.aps.org/doi/10.1103/PhysRevX.12.031042},
}

@Article{altermagnetic2,
  author    = {\v{S}mejkal, Libor and Sinova, Jairo and Jungwirth, Tomas},
  journal   = {Physical Review X},
  title     = {{Emerging research landscape of altermagnetism}},
  year      = {2022},
  month     = {Dec},
  pages     = {040501},
  volume    = {12},
  doi       = {10.1103/PhysRevX.12.040501},
  issue     = {4},
  numpages  = {27},
  publisher = {American Physical Society},
  url       = {https://link.aps.org/doi/10.1103/PhysRevX.12.040501},
}

@Article{CrXO,
  author    = {Zhang, Wan Cheng and Zheng, Ming Kun and Liu, Yong and Zhang, Pan and Zhang, Zhen Hua and Xiong, Rui and Lu, Zhi Hong},
  title     = {{Unconventional spin Hall effect in rutile ${\mathrm{Cr}}_{0.5}{X}_{0.5}{\mathrm{O}}_{2}$ $(X=\mathrm{Ti},\mathrm{V},\mathrm{Os},\mathrm{Fe})$}},
  doi       = {10.1103/PhysRevB.110.214419},
  issue     = {21},
  pages     = {214419},
  url       = {https://link.aps.org/doi/10.1103/PhysRevB.110.214419},
  volume    = {110},
  journal   = {Physical Review B},
  month     = {Dec},
  numpages  = {11},
  publisher = {American Physical Society},
  year      = {2024},
}

@article{OsO2,
  title = {Strain-induced nonrelativistic altermagnetic spin splitting effect},
  author = {Zhang, Wancheng and Zheng, Mingkun and Liu, Yong and Zhang, Zhenhua and Xiong, Rui and Lu, Zhihong},
  journal = {Phys. Rev. B},
  volume = {112},
  issue = {2},
  pages = {024415},
  numpages = {11},
  year = {2025},
  month = {Jul},
  publisher = {American Physical Society},
  doi = {10.1103/8zlt-mlms},
  url = {https://link.aps.org/doi/10.1103/8zlt-mlms}
}
